<collection xmlns="http://www.loc.gov/MARC21/slim">
<record>
  <leader>01781nam0a22003251i 450 </leader>
  <controlfield tag="001">IT\ICCU\CNCE\058528</controlfield>
  <controlfield tag="005">20110713000000.0</controlfield>
  <datafield tag="012" ind1=" " ind2=" ">
    <subfield code="a">onto mie- raad scto (3) 1594 (R)</subfield>
    <subfield code="2">fei</subfield>
  </datafield>
  <datafield tag="100" ind1=" " ind2=" ">
    <subfield code="a">20040609d1594        0itac0103    ba</subfield>
  </datafield>
  <datafield tag="101" ind1=" " ind2=" ">
    <subfield code="a">ITA</subfield>
  </datafield>
  <datafield tag="102" ind1=" " ind2=" ">
    <subfield code="a">IT</subfield>
  </datafield>
  <datafield tag="200" ind1="1" ind2=" ">
    <subfield code="a">℗L&apos;℗vnica maniera d&apos;irrigare campagne veronesi da due parti dell&apos;Adige, principalmente con l&apos;escrescenze sue facendo nauigationi, et essiccationi, inuentione dell&apos;eccell. dottor di ll. m. Benedetto Veniero veronese</subfield>
  </datafield>
  <datafield tag="210" ind1=" " ind2=" ">
    <subfield code="a">In Verona</subfield>
    <subfield code="c">nella stamparia di Girolamo Discepolo</subfield>
    <subfield code="d">1594</subfield>
  </datafield>
  <datafield tag="215" ind1=" " ind2=" ">
    <subfield code="a">\8!, 36, 119-126, 37-108 p.</subfield>
    <subfield code="d">4ʻ</subfield>
  </datafield>
  <datafield tag="620" ind1=" " ind2=" ">
    <subfield code="a">IT</subfield>
    <subfield code="d">Verona</subfield>
  </datafield>
  <datafield tag="700" ind1=" " ind2="1">
    <subfield code="a">Venier,</subfield>
    <subfield code="b">Benedetto</subfield>
    <subfield code="3">IT\ICCU\CNCA\017646</subfield>
  </datafield>
  <datafield tag="712" ind1="0" ind2="0">
    <subfield code="a">Discepolo, Girolamo</subfield>
    <subfield code="3">IT\ICCU\CNCT\000153</subfield>
    <subfield code="4">650</subfield>
  </datafield>
  <datafield tag="790" ind1=" " ind2="1">
    <subfield code="a">Veniero,</subfield>
    <subfield code="b">Benedetto</subfield>
    <subfield code="3">IT\ICCU\CNCA\023905</subfield>
    <subfield code="z">Venier, Benedetto</subfield>
  </datafield>
  <datafield tag="791" ind1="0" ind2="0">
    <subfield code="a">Discipulus, Hieronymus</subfield>
    <subfield code="3">IT\ICCU\CNCT\004702</subfield>
    <subfield code="z">Discepolo, Girolamo</subfield>
  </datafield>
  <datafield tag="791" ind1="0" ind2="0">
    <subfield code="a">Discepoli, Gieronimo</subfield>
    <subfield code="3">IT\ICCU\CNCT\004703</subfield>
    <subfield code="z">Discepolo, Girolamo</subfield>
  </datafield>
  <datafield tag="801" ind1=" " ind2="3">
    <subfield code="a">IT</subfield>
    <subfield code="b">ICCU</subfield>
    <subfield code="c">20201115</subfield>
  </datafield>
  <datafield tag="899" ind1=" " ind2=" ">
    <subfield code="a">Biblioteca civica. Padova</subfield>
    <subfield code="z">MUTILO</subfield>
    <subfield code="1">PD0090</subfield>
    <subfield code="2">PUV 55</subfield>
  </datafield>
  <datafield tag="899" ind1=" " ind2=" ">
    <subfield code="a">Biblioteca universitaria. Padova</subfield>
    <subfield code="z">MUTILO</subfield>
    <subfield code="1">PD0158</subfield>
    <subfield code="2">PUV 00</subfield>
  </datafield>
  <datafield tag="899" ind1=" " ind2=" ">
    <subfield code="a">Biblioteca del Ministero delle politiche agricole e forestali. Roma</subfield>
    <subfield code="1">RM0730</subfield>
    <subfield code="2">RML 21</subfield>
  </datafield>
  <datafield tag="899" ind1=" " ind2=" ">
    <subfield code="a">Biblioteca comunale. Treviso</subfield>
    <subfield code="z">MUTILO</subfield>
    <subfield code="1">TV0114</subfield>
    <subfield code="2">VIA CT</subfield>
  </datafield>
  <datafield tag="899" ind1=" " ind2=" ">
    <subfield code="a">Biblioteca civica Bertoliana. Vicenza</subfield>
    <subfield code="1">VI0096</subfield>
    <subfield code="2">VIA BE</subfield>
  </datafield>
  <datafield tag="899" ind1=" " ind2=" ">
    <subfield code="a">Biblioteca civica. Verona</subfield>
    <subfield code="1">VR0059</subfield>
    <subfield code="2">ZVR 02</subfield>
  </datafield>
  <datafield tag="899" ind1=" " ind2=" ">
    <subfield code="a">Biblioteca del Seminario vescovile. Verona</subfield>
    <subfield code="1">VR0061</subfield>
    <subfield code="2">PBE 83</subfield>
  </datafield>
  <datafield tag="911" ind1=" " ind2=" ">
    <subfield code="a">Sul front.</subfield>
    <subfield code="9">IT\ICCU\CNCM\000228</subfield>
  </datafield>
  <datafield tag="921" ind1=" " ind2=" ">
    <subfield code="a">IT\ICCU\CNCM\000228</subfield>
    <subfield code="b">Il *genio dell&apos;Industria salva la Fortuna dalle acque. In cornice figurata</subfield>
    <subfield code="e">Fortuna forti sublevanda Industria.</subfield>
    <subfield code="c">V539</subfield>
    <subfield code="d">Dimensioni: 6,7 x 7,5</subfield>
    <subfield code="f">FORTUNA</subfield>
    <subfield code="f">FORTUNAFOR</subfield>
    <subfield code="f">INDUSTRIA</subfield>
    <subfield code="g">1585-1599</subfield>
  </datafield>
</record>
</collection>
